<record><leader>00000cas a22000007a 4500</leader><controlfield tag="001">9259034</controlfield><controlfield tag="008">830225d19041904okuwr ne      0    0eng d</controlfield><datafield ind1=" " ind2=" " tag="010"><subfield code="a">sn 83025118 </subfield></datafield><datafield ind1=" " ind2=" " tag="040"><subfield code="a">NPV</subfield><subfield code="b">eng</subfield><subfield code="c">NPV</subfield><subfield code="d">ANU</subfield><subfield code="d">OBN</subfield><subfield code="d">OCL</subfield><subfield code="d">OCLCQ</subfield><subfield code="d">OCLCO</subfield></datafield><datafield ind1="1" ind2=" " tag="029"><subfield code="a">AU@</subfield><subfield code="b">000020396361</subfield></datafield><datafield ind1=" " ind2=" " tag="042"><subfield code="a">msc</subfield></datafield><datafield ind1=" " ind2=" " tag="043"><subfield code="a">n-us-ok</subfield></datafield><datafield ind1=" " ind2=" " tag="052"><subfield code="a">4023</subfield><subfield code="b">O3</subfield></datafield><datafield ind1="0" ind2="0" tag="245"><subfield code="a">Clearview tribune.</subfield></datafield><datafield ind1="1" ind2="3" tag="246"><subfield code="a">Weekly tribune</subfield></datafield><datafield ind1=" " ind2=" " tag="260"><subfield code="a">Clear View, Indian Territory [Okla.] :</subfield><subfield code="b">B.K. Bruce</subfield></datafield><datafield ind1=" " ind2=" " tag="300"><subfield code="a">v.</subfield></datafield><datafield ind1=" " ind2=" " tag="310"><subfield code="a">Weekly</subfield></datafield><datafield ind1="1" ind2=" " tag="362"><subfield code="a">Began in 1904; ceased in 1904.</subfield></datafield><datafield ind1=" " ind2=" " tag="588"><subfield code="a">Description based on: Vol. 1, no. 3 (Aug. 6, 1904).</subfield></datafield><datafield ind1=" " ind2="0" tag="650"><subfield code="a">African Americans</subfield><subfield code="z">Oklahoma</subfield><subfield code="z">Clearview</subfield><subfield code="v">Newspapers.</subfield></datafield><datafield ind1=" " ind2="0" tag="651"><subfield code="a">Clearview (Okla.)</subfield><subfield code="v">Newspapers.</subfield></datafield><datafield ind1=" " ind2="0" tag="651"><subfield code="a">Okfuskee County (Okla.)</subfield><subfield code="v">Newspapers.</subfield></datafield><datafield ind1=" " ind2="0" tag="651"><subfield code="a">Indian Territory</subfield><subfield code="v">Newspapers.</subfield></datafield><datafield ind1=" " ind2=" " tag="752"><subfield code="a">United States</subfield><subfield code="b">Oklahoma</subfield><subfield code="c">Okfuskee</subfield><subfield code="d">Clearview.</subfield></datafield><datafield ind1="0" ind2="0" tag="785"><subfield code="t">Lincoln tribune</subfield><subfield code="w">(DLC)sn 83025117</subfield><subfield code="w">(OCoLC)9258639</subfield></datafield></record>